<record><leader>00000cas a22000007a 4500</leader><controlfield tag="001">21098604</controlfield><controlfield tag="008">900220d19291932couwr ne      0    0eng d</controlfield><datafield ind1=" " ind2=" " tag="010"><subfield code="a">sn 90051078 </subfield></datafield><datafield ind1=" " ind2=" " tag="040"><subfield code="a">CNQ</subfield><subfield code="b">eng</subfield><subfield code="c">CNQ</subfield><subfield code="d">OCLCQ</subfield></datafield><datafield ind1=" " ind2=" " tag="042"><subfield code="a">msc</subfield></datafield><datafield ind1="0" ind2="4" tag="245"><subfield code="a">The Del Norte prospector (continuing the San Juan prospector).</subfield></datafield><datafield ind1=" " ind2=" " tag="260"><subfield code="a">Del Norte, Colo. :</subfield><subfield code="b">H.F. Jones</subfield></datafield><datafield ind1=" " ind2=" " tag="300"><subfield code="a">v.</subfield></datafield><datafield ind1=" " ind2=" " tag="310"><subfield code="a">Weekly</subfield></datafield><datafield ind1="0" ind2=" " tag="362"><subfield code="a">Vol. 55, no. 10 (Apr. 12, 1929)-v. 57, no. 49 (Jan. 8, 1932).</subfield></datafield><datafield ind1=" " ind2=" " tag="530"><subfield code="a">Available on microfilm from the Colorado Historical Society.</subfield></datafield><datafield ind1=" " ind2=" " tag="580"><subfield code="a">Issued with: Creed candle, Jan. 2-Jan. 30, 1931.</subfield></datafield><datafield ind1=" " ind2=" " tag="752"><subfield code="a">United States</subfield><subfield code="b">Colorado</subfield><subfield code="c">Rio Grande</subfield><subfield code="d">Del Norte.</subfield></datafield><datafield ind1="1" ind2=" " tag="777"><subfield code="t">Creed candle</subfield><subfield code="w">(DLC)sn 88084172</subfield></datafield><datafield ind1="0" ind2="0" tag="780"><subfield code="t">San Juan prospector</subfield><subfield code="w">(DLC)sn 82014225</subfield></datafield><datafield ind1="0" ind2="0" tag="785"><subfield code="t">Del Norte prospector (Del Norte, Colo.: 1932)</subfield><subfield code="w">(DLC)sn 90051077</subfield></datafield></record>